@ARTICLE{Requena09,
author={Requena-Carrión, J. and Väisänen, J. and Alonso-Atienza, F. and García-Alberola, A. and Ramos-López, F.J. and Rojo-Álvarez, J.L.},
journal={IEEE Transactions on Biomedical Engineering}, title={Sensitivity and Spatial Resolution of Transvenous Leads in Implantable Cardioverter Defibrillator},
year={2009},
volume={56},
number={12},
pages={2773 -2781},
doi={10.1109/TBME.2009.2027425},
ISSN={0018-9294},}

@inproceedings{Beltran12,
title={Analysis of the Effects of Lead Configuration on Cardiac Spectrum},
author={Beltrán-Molina, F.A. and Requena-Carrión, J. and Väisänen, J.},
booktitle={IEEE Computing in Cardiology},
year={2012},
volume={},
number={},
pages={}}